% AGREGA TUS REFERENCIAS AQUÍ

% Algnos libros, tésis y artículos de profesores de la licenciatura

@book{GustavoLopez,
    author = "Gustavo Lopez",
    title = "Partial Differential Equations of First Order and Their Applications to Physics",
    publisher = "World Scientific",
    year = "1999"
}

@inbook{ChumakovKlimov,
    author = "Andrei B. Klimov and Sergei M. Chumakov",
    publisher = {Wiley},
    title = {Atomic Dynamics},
    booktitle = {A Group‐Theoretical Approach to Quantum Optics},
    chapter = {2},
    pages = {23-43},
    year = {2009},
}

@article{Artículo,
    author = "Victor V. Dodonov and Andrei B. Klimov",
    title = "Generation and detection of photons in a cavity with a resonantly oscillating boundary",
    journal = "Physical Review A",
    year = "1996",
    note = "Disponible en \hyperlink{https://www.researchgate.net/profile/Victor-Dodonov/publication/13376312_Generation_and_detection_of_photons_in_a_cavity_with_a_resonantly_oscillating_boundary/links/5594064a08ae16f493efd749/Generation-and-detection-of-photons-in-a-cavity-with-a-resonantly-oscillating-boundary.pdf}{ResearchGate}"
}

@article{Gorin,
title = {Dynamics of Loschmidt echoes and fidelity decay},
journal = {Physics Reports},
volume = {435},
number = {2},
pages = {33-156},
year = {2006},
author = {Thomas Gorin and Tomaž Prosen and Thomas H. Seligman and Marko Žnidarič},
}

@article{Sainz,
  title = {Entanglement invariant for the double Jaynes-Cummings model},
  author = {Sainz, Isabel and Bj\"ork, Gunnar},
  journal = {Phys. Rev. A},
  volume = {76},
  issue = {4},
  pages = {042313},
  numpages = {6},
  year = {2007},
  month = {Oct},
  publisher = {American Physical Society},
}

@article{AnneCros,
    author = {Cros, Anne and Le Gal, P.},
    title = "{Spatiotemporal intermittency in the torsional Couette flow between a rotating and a stationary disk}",
    journal = {Physics of Fluids},
    volume = {14},
    number = {11},
    pages = {3755-3765},
    year = {2002},
    month = {09},
}

@article{ClaudiaMoreno,
  title = {Stability properties of black holes in self-gravitating nonlinear electrodynamics},
  author = {Moreno, Claudia and Sarbach, Olivier},
  journal = {Phys. Rev. D},
  volume = {67},
  year = {2003},
  publisher = {American Physical Society},
}


@phdthesis{TesisDoctorado,
    author = "Isabel Sainz Abascal",
    title = "Transiciones Resonantes Inducidas en Sistemas de Óptica Cuántica",
    school = "Universidad de Guadalajara",
    year = "2012",
    note = "Consultado en \hyperlink{https://www.riudg.udg.mx/handle/20.500.12104/20631}{RIUdeG}"
}

@phdthesis{TesisMasterElkin,
    author = "Elkin López López",
    title = "Estrellas Binarias con Intercambio de Masa Dependiente del Tiempo",
    school = "Universidad de Guadalajara",
    year = "2016",
    note = "Consultado en \hyperlink{https://www.riudg.udg.mx/handle/20.500.12104/82532}{RIUdeG}"
}

@phdthesis{TesisMasterJorgeSanchez,
    author = "Sanchez Rodriguez, Jorge Emmnauel",
    title = "Buscando Regiones de Código en Genomas por medio de Funciones de Correlación",
    school = "Universidad de Guadalajara",
    year = "2006",
    note = "Consultado en \hyperlink{https://www.riudg.udg.mx/handle/20.500.12104/47489}{RIUdeG}"
}